@inproceedings{shafiq2014understanding,
	title={{Understanding the Impact of Network Dynamics on Mobile Video User Engagement}},
	author={Shafiq, Muhammad Zubair and Erman, Jeffrey and Ji, Lusheng and Liu, Alex X and Pang, Jeffrey and Wang, Jia},
	booktitle={ACM International Conference on Measurement and Modeling of Computer Systems},
	year={2014},
}

@article{tutorial2014lisa,
	title={Deep Learning in Neural Networks: An Overview},
	author={Schmidhuber, J{\"u}rgen},
	journal={Neural Networks},
	volume={61},
	pages={85--117},
	year={2015},
	publisher={Elsevier}
}

@inproceedings{niu2012quality,
	title={{Quality-Assured Cloud Bandwidth Auto-Scaling for Video-on-Demand Applications}},
	author={Niu, Di and Xu, Hong and Li, Baochun and Zhao, Shuqiao},
	booktitle={IEEE International Conference on Computer Communications},
	year={2012},
}

@inproceedings{niu2011demand,
	title={{Demand Forecast and Performance Prediction in Peer-Assisted On-Demand Streaming Systems}},
	author={Niu, Di and Liu, Zimu and Li, Baochun and Zhao, Shuqiao},
	booktitle={IEEE International Conference on Computer Communications, mini-conference},
	year={2011},
}

@inproceedings{xu2013proteus,
	title={{PROTEUS: Network Performance Forecast for Real-Time, Interactive Mobile Applications}},
	author={Xu, Qiang and Mehrotra, Sanjeev and Mao, Zhuoqing and Li, Jin},
	booktitle={ACM International Conference on Mobile Systems, Applications, and Services (MobiSys)},
	year={2013},
}


@misc{kumulos,
	title={{Kumulos Pricing}},
	howpublished = "\url{https://www.kumulos.com/pricing/}",
}

@misc{heroku,
	title={{Heroku}},
	howpublished = "\url{https://www.heroku.com/pricing}",
}

@misc{revenue,
	title={{App Revenue Statistics 2015}},
	author={Artyom Dogtiev},
	year = {November 16, 2015},
	howpublished = "\url{http://goo.gl/MwJ5R1}",
}

@misc{developer,
	title={{Developer Economics Q1 2015: State of the Developer Nation}},
	author={Vision Mobile},
	year = {February, 2015},
	howpublished = "\url{http://goo.gl/Iq1EEI}",
}

@misc{downloads,
	title={{Number of Mobile App Downloads Worldwide from 2009 to 2017 (in millions)}},
	author={Statistas},
	howpublished = "\url{http://goo.gl/BqEVrK}",
}

@misc{appcelerator,
	title={{Appcelerator Pricing}},
	howpublished = "\url{http://www.appcelerator.com/pricing/}",
}

@misc{appery,
	title={{Appery.io Pricing}},
	howpublished = "\url{https://appery.io/pricing/}",
}


@article{mo2000fair,
	title={{Fair End-to-End Window-Based Congestion Control}},
	author={Mo, Jeonghoon and Walrand, Jean},
	journal={IEEE/ACM Transactions on Networking},
	volume={8},
	number={5},
	pages={556--567},
	year={2000},
}

@inproceedings{bonald2001impact,
	title={{Impact of Fairness on Internet Performance}},
	author={Bonald, Thomas and Massouli{\'e}, Laurent},
	booktitle={ACM SIGMETRICS Performance Evaluation Review},
	volume={29},
	number={1},
	pages={82--91},
	year={2001},
}

@article{yi2008stochastic,
	title={{Stochastic Network Utility Maximisation-A tribute to Kelly's paper published in this journal a decade ago}},
	author={Yi, Yung and Chiang, Mung},
	journal={European Transactions on Telecommunications},
	volume={19},
	number={4},
	pages={421--442},
	year={2008},
	publisher={Wiley Online Library}
}

@article{ye2005stability,
	title={{Stability of Data Networks: Stationary and Bursty Models}},
	author={Ye, Heng-Qing and Ou, Jihong and Yuan, Xue-Ming},
	journal={Operations Research},
	volume={53},
	number={1},
	pages={107--125},
	year={2005},
	publisher={INFORMS}
}

@article{kelly1997charging,
	title={{Charging and Rate Control for Elastic Traffic}},
	author={Kelly, Frank},
	journal={European Transactions on Telecommunications},
	volume={8},
	number={1},
	pages={33--37},
	year={1997},
	publisher={Wiley Online Library}
}

@article{kelly1998rate,
	title={{Rate Control for Communication Networks: Shadow Prices, Proportional Fairness and Stability}},
	author={Kelly, Frank and Maulloo, Aman and Tan, David},
	journal={Journal of the Operational Research Society},
	pages={237--252},
	year={1998},
	publisher={JSTOR}
}

@article{kushner2004convergence,
	title={{Convergence of Proportional-Fair Sharing Algorithms Under General Conditions}},
	author={Kushner, Harold and Whiting, Philip and others},
	journal={IEEE Transactions on Wireless Communications},
	volume={3},
	number={4},
	pages={1250--1259},
	year={2004},
}

@article{liu2001opportunistic,
	title={{Opportunistic Transmission Scheduling With Resource-Sharing Constraints in Wireless Networks}},
	author={Liu, Xin and Chong, Edwin KP and Shroff, Ness B},
	journal={IEEE Journal on Selected Areas in Communications},
	volume={19},
	number={10},
	pages={2053--2064},
	year={2001},
}

@article{stolyar2005asymptotic,
	title={{On the Asymptotic Optimality of the Gradient Scheduling Algorithm for Multiuser Throughput Allocation}},
	author={Stolyar, Alexander L},
	journal={Operations Research},
	volume={53},
	number={1},
	pages={12--25},
	year={2005},
	publisher={INFORMS}
}

@article{eryilmaz2006joint,
	title={{Joint Congestion Control, Routing, and MAC for Stability and Fairness in Wireless Networks}},
	author={Eryilmaz, Atilla and Srikant, R},
	journal={IEEE Journal on Selected Areas in Communications},
	volume={24},
	number={8},
	pages={1514--1524},
	year={2006},
}

@inproceedings{chen2006jointly,
	title={{Jointly Optimal Congestion Control, Routing, and Scheduling for Wireless Ad Hoc Networks}},
	author={Chen, L. and Low, S. and Chiang, M. and Doyle, J.},
	booktitle={IEEE International Conference on Computer Communications},
	year={2006}
}

@article{neely2008fairness,
	title={{Fairness and Optimal Stochastic Control for Heterogeneous Networks}},
	author={Neely, Michael J and Modiano, Eytan and Li, Chih-Ping},
	journal={IEEE/ACM Transactions on Networking},
	volume={16},
	number={2},
	pages={396--409},
	year={2008},
}

@inproceedings{chiang2006stochastic,
	title={{Stochastic Stability Under Network Utility Maximization: General File Size Distribution}},
	author={Chiang, Mung and Shah, Devavrat and Tang, Ao},
	booktitle={Proceedings of 44th Allerton Conference on Communication, Control and Computing},
	year={2006},
	organization={Citeseer}
}

@inproceedings{gong2010press,
	title={{Press: Predictive Elastic Resource Scaling for Cloud Systems}},
	author={Gong, Zhenhuan and Gu, Xiaohui and Wilkes, John},
	booktitle={IEEE International Conference on Network and Service Management},
	year={2010},
}

@inproceedings{tang2007scalable,
	title={{A Scalable Application Placement Controller for Enterprise Data Centers}},
	author={Tang, Chunqiang and Steinder, Malgorzata and Spreitzer, Michael and Pacifici, Giovanni},
	booktitle={ACM International Conference on World Wide Web},
	year={2007},
}

@article{kusic2009power,
	title={{Power and Performance Management of Virtualized Computing Environments via Lookahead Control}},
	author={Kusic, Dara and Kephart, Jeffrey O and Hanson, James E and Kandasamy, Nagarajan and Jiang, Guofei},
	journal={Cluster computing},
	volume={12},
	number={1},
	pages={1--15},
	year={2009},
	publisher={Springer}
}

@inproceedings{wang2011consolidating,
	title={{Consolidating Virtual Machines with Dynamic Bandwidth Demand in Cata Centers}},
	author={Wang, Meng and Meng, Xiaoqiao and Zhang, Li},
	booktitle={IEEE International Conference on Computer Communications, mini-conference},
	year={2011},
}

@article{lin2013dynamic,
	title={{Dynamic Right-Sizing for Power-Proportional Data Centers}},
	author={Lin, Minghong and Wierman, Adam and Andrew, Lachlan LH and Thereska, Eno},
	journal={IEEE/ACM Transactions on Networking},
	volume={21},
	number={5},
	pages={1378--1391},
	year={2013},
}


@inproceedings{wu2012scaling,
	title={{Scaling Social Media Applications Into Geo-Distributed Clouds}},
	author={Wu, Yu and Wu, Chuan and Li, Bo and Zhang, Linquan and Li, Zongpeng and Lau, Francis},
	booktitle={IEEE International Conference on Computer Communications},
	year={2012},
}

@article{wu2015scaling,
	title={{Scaling Social Media Applications Into Geo-Distributed Clouds}},
	author={Wu, Yu and Wu, Chuan and Li, Bo and Zhang, Linquan and Li, Zongpeng and Lau, Francis},
	journal={IEEE/ACM Transactions on Networking},
	volume={23},
	number={3},
	pages={689-702},
	year={2015},
}

@article{ha2012tube,
	title={{TUBE: Time-Dependent Pricing for Mobile Data}},
	author={Ha, Sangtae and Sen, Soumya and Joe-Wong, Carlee and Im, Youngbin and Chiang, Mung},
	journal={ACM SIGCOMM Computer Communication Review},
	volume={42},
	number={4},
	pages={247--258},
	year={2012},
}

@misc{mobilecloud,
	title={{When Mobile Meets the Cloud}},
	howpublished = "\url{http://www.gartner.com/webinar/2698427/player?commId=108071\&channelId=5502\&srcId=null}"
	}
	
@misc{overview,
	title={{Overview Of The Backend as a Service (BaaS) Space}},
	howpublished = "\url{https://s3.amazonaws.com/kinlane-productions/whitepapers/API+Evangelist+-+Overview+of+the+Backend+as+a+Service+Space.pdf}",
	year = {2013},}

@misc{cloudyn,
	title={{Cloudyn}},
	howpublished = "\url{https://www.cloudyn.com/}"
}

@misc{cloudch,
	title={{CloudCheckr}},
	howpublished = "\url{http://cloudcheckr.com/}"
}
